

@book{algoritmos_discretos,
author = {Arroyuelo, Diego},
year = {2022},
month = {03},
pages = {},
title = {Algoritmos Discretos: Análisis y Diseño},
}

@misc{EditDistance,
  author = {AfterAcademy},
  title = {Edit Distance},
  year = {2022},
  month = {04},
  howpublished = {\url{https://afteracademy.com/blog/edit-distance-problem/}}
}

@book{optimizaciondp,
author = {Keila, Rossel},
year = {2022},
month = {01},
pages = {},
title = {Optimización con programación
dinámica},
howpublished = {\url{https://diposit.ub.edu/dspace/bitstream/2445/186821/2/tfg_rosell_esau_keila_ruth.pdf}}
}

@misc{CodigoAlgoritmos,
  author = {Carlos Vera},
  title = {Codigo T2-3 Algoco},
  year = {2024},
  month = {11},
  howpublished = {\url{https://github.com/CarlosVera81/T2-Algoco-Publica.git}}
}

@misc{Experimentos,
  author = {Carlos Vera},
  title = {Experimentos T2-3 Algoco},
  year = {2024},
  month = {11},
  howpublished = {\url{https://usmcl-my.sharepoint.com/:f:/g/personal/carlos_veraq_usm_cl/EoUgQtSM7dpDvg1B_GbtYCkB6hYjxI-DCROw1d7Fv1ixEA?e=S9Wqq6}}
}




